@online{marsyas,
    author = "Jakob,Leben",
    title = "Music Analysis, Retrieval and Synthesis for Audio Signals",
    url  = "http://marsyas.info/downloads/datasets.html",
    keywords = "GTZAN,genre,dataset,collection"
}

@article{comparison,
    author = "Elizabeth Nurmiyati,Tamatjita and Aditya Wikan,Mahastama",
    title = "Comparison of Music Genre Classification Using Nearest Centroid Classifier and k-Nearest Neighbours",
    journal = "International Conference on Information Management and Technology (ICIMTech)",
    year = "2016",
	pages = "118--123 ",
    DOI = "978-1-5090-3352-2",
    keywords = "classification,genre,music"
}

@techreport{classification,
     title = "Music Genre Classification",
     author = "John,Cast and Chris,Schulze and Ali,Fauci",
     year = "2013",
     institution = "Stanford University - Computer Science Machine Learning course CS229"
}

@online{wave,
	author = "E.,Fleischman",
	institution = "Microsoft Corporation",
	year = "1998",
	title = "WAVE and AVI Codec Registries",
	url  = "https://datatracker.ietf.org/doc/html/rfc2361",
	keywords = "wav, wave, waveform,codec"
}

@misc{librosarepo,
	title        = "Librosa Github Repository: MFCC extraction details",
	url = "https://github.com/librosa/librosa/blob/main/librosa/feature/spectral.py",
	year         = 2015,
	DOI = "10.5281/zenodo.4792298"
}

@misc{docscipyopt,
	title        = "Scipy Optimization and root finding",
	url = "https://docs.scipy.org/doc/scipy/reference/generated/scipy.optimize.minimize.html",
	DOI = "10.1038/s41592-019-0686-2"
}

@techreport{distances,
	title = "K-Nearest Neighbors(KNN) Classification with Different Distance Metrics",
	author = "Zijie,Zhu and Mengtian,Zhang",
	year = "2020",
	institution = "Shanghai Jiao Tong University â€“ Fundamentals of Data Science (CS245)",
	url = "http://bcmi.sjtu.edu.cn/home/niuli/teaching/2020_2_3.pdf"
}




